<record><leader>00000cas a2200000Ma 4500</leader><controlfield tag="001">173881804</controlfield><controlfield tag="007">hd afb---buca</controlfield><controlfield tag="008">930302d180218uuctuwr nea     0    0eng  </controlfield><datafield ind1=" " ind2=" " tag="010"><subfield code="a">sn 82006796 </subfield></datafield><datafield ind1=" " ind2=" " tag="040"><subfield code="a">DLC</subfield><subfield code="b">eng</subfield><subfield code="c">NJR</subfield><subfield code="d">OCLCG</subfield><subfield code="d">OCLCA</subfield><subfield code="d">OCLCG</subfield><subfield code="d">OKU</subfield><subfield code="d">OCLCQ</subfield><subfield code="d">OCLCO</subfield><subfield code="d">OCLCF</subfield><subfield code="d">OCLCQ</subfield></datafield><datafield ind1=" " ind2=" " tag="043"><subfield code="a">n-us-ct</subfield></datafield><datafield ind1="0" ind2=" " tag="050"><subfield code="a">Newspaper 7262</subfield></datafield><datafield ind1="0" ind2="4" tag="245"><subfield code="a">The Connecticut centinel.</subfield></datafield><datafield ind1=" " ind2=" " tag="260"><subfield code="a">Norwich, Conn. :</subfield><subfield code="b">John Trumbull</subfield></datafield><datafield ind1=" " ind2=" " tag="300"><subfield code="a">volumes ;</subfield><subfield code="c">44-54 cm</subfield></datafield><datafield ind1=" " ind2=" " tag="310"><subfield code="a">Weekly</subfield></datafield><datafield ind1=" " ind2=" " tag="336"><subfield code="a">text</subfield><subfield code="b">txt</subfield><subfield code="2">rdacontent</subfield></datafield><datafield ind1=" " ind2=" " tag="337"><subfield code="a">microform</subfield><subfield code="b">h</subfield><subfield code="2">rdamedia</subfield></datafield><datafield ind1="1" ind2=" " tag="362"><subfield code="a">Began with Feb. 16, 1802 issue.</subfield></datafield><datafield ind1=" " ind2=" " tag="500"><subfield code="a">Publishers: L. Trumbull, 1802-1803; C.E. Trumbull, 1803-1804; H. Trumbull, 1804-1806; S. Webb for H. Trumbull, 1806-1807.</subfield></datafield><datafield ind1=" " ind2=" " tag="500"><subfield code="a">Last issue located: Vol. 34, no. 1753 (Oct. 27, 1807). Cf. Brigham, C.S. Amer. newspapers.</subfield></datafield><datafield ind1=" " ind2=" " tag="504"><subfield code="a">Includes bibliographical references (Shaw &amp; Shoemaker 2074; Brigham, C.S. Amer. newspapers, pages 63-64).</subfield></datafield><datafield ind1=" " ind2=" " tag="530"><subfield code="a">Also issued in microform by Readex Microprint Corp. as a part of the Early American newspapers series.</subfield></datafield><datafield ind1="0" ind2=" " tag="588"><subfield code="a">Vol. 29, no. 1465 (Apr. 13, 1802).</subfield></datafield><datafield ind1=" " ind2="0" tag="651"><subfield code="a">Norwich (Conn.)</subfield><subfield code="v">Newspapers.</subfield></datafield><datafield ind1=" " ind2="7" tag="651"><subfield code="a">Connecticut</subfield><subfield code="z">Norwich.</subfield><subfield code="2">fast</subfield><subfield code="0">(OCoLC)fst01216259</subfield></datafield><datafield ind1=" " ind2="7" tag="655"><subfield code="a">Newspapers.</subfield><subfield code="2">fast</subfield><subfield code="0">(OCoLC)fst01423814</subfield></datafield><datafield ind1="1" ind2=" " tag="700"><subfield code="a">Trumbull, John,</subfield><subfield code="d">1798-1879.</subfield></datafield><datafield ind1="1" ind2=" " tag="700"><subfield code="a">Webb, Samuel,</subfield><subfield code="d">1789-</subfield></datafield><datafield ind1="1" ind2=" " tag="700"><subfield code="a">Trumbull, Lucy,</subfield><subfield code="d">-1813.</subfield></datafield><datafield ind1="1" ind2=" " tag="700"><subfield code="a">Trumbull, Henry,</subfield><subfield code="d">1781-1843.</subfield></datafield><datafield ind1="1" ind2=" " tag="700"><subfield code="a">Trumbull, Charles E.,</subfield><subfield code="d">1783-1804.</subfield></datafield><datafield ind1=" " ind2=" " tag="752"><subfield code="a">United States</subfield><subfield code="b">Connecticut</subfield><subfield code="c">New London</subfield><subfield code="d">Norwich.</subfield></datafield><datafield ind1="0" ind2="0" tag="780"><subfield code="t">Norwich packet (Norwich, Conn. : 1791)</subfield><subfield code="w">(DLC)sn 82001611</subfield></datafield></record>